<?xml version="1.0" encoding="UTF-8"?><collection xmlns="http://www.loc.gov/MARC21/slim"><record><leader>00519nam--2200169-i-4500</leader><controlfield tag="001">000031717</controlfield><controlfield tag="002">20161230</controlfield><controlfield tag="005">20161230201038</controlfield><controlfield tag="008">060222s1000------------r-----000-0-eng-d</controlfield><datafield ind1=" " ind2=" " tag="040"><subfield code="a">IFIN-HH</subfield></datafield><datafield ind1=" " ind2=" " tag="080"><subfield code="a">530.1(042.3)</subfield></datafield><datafield ind1="1" ind2=" " tag="100"><subfield code="a">Brittin, Wessley E</subfield></datafield><datafield ind1="1" ind2="0" tag="245"><subfield code="a">Lectures in theoretical physics volume ix b - high energy and particle physics</subfield><subfield code="c">WESLEY E. BRITTIN (ed.)</subfield></datafield><datafield ind1=" " ind2=" " tag="260"><subfield code="a">New York</subfield><subfield code="b">Gordon And Breach, Science Publishers</subfield><subfield code="c">1967</subfield></datafield><datafield ind1=" " ind2=" " tag="300"><subfield code="a">XI+436 P</subfield></datafield><datafield ind1=" " ind2=" " tag="852"><subfield code="a">15333</subfield><subfield code="c">530.1</subfield></datafield><datafield ind1=" " ind2=" " tag="CAT"><subfield code="a">Sys</subfield><subfield code="c">20160415</subfield><subfield code="h">132608</subfield></datafield></record></collection>